<?xml version="1.0" encoding="UTF-8"?><record xmlns="http://www.loc.gov/MARC21/slim" xmlns:cinclude="http://apache.org/cocoon/include/1.0" xmlns:zs="http://www.loc.gov/zing/srw/">
  <leader>00616cz  a2200157n  4500</leader>
  <controlfield tag="001">no 95018561 </controlfield>
  <controlfield tag="003">DLC</controlfield>
  <controlfield tag="005">20001101071035.0</controlfield>
  <controlfield tag="008">950414n| acannaabn          |a aaa     c</controlfield>
  <datafield tag="010" ind1=" " ind2=" ">
    <subfield code="a">no 95018561 </subfield>
  </datafield>
  <datafield tag="035" ind1=" " ind2=" ">
    <subfield code="a">(OCoLC)oca03815976</subfield>
  </datafield>
  <datafield tag="040" ind1=" " ind2=" ">
    <subfield code="a">DJBF</subfield>
    <subfield code="b">eng</subfield>
    <subfield code="c">DJBF</subfield>
    <subfield code="d">OCoLC</subfield>
  </datafield>
  <datafield tag="100" ind1="1" ind2=" ">
    <subfield code="a">López Cordovez, Luis Alberto</subfield>
  </datafield>
  <datafield tag="400" ind1="1" ind2=" ">
    <subfield code="a">Cordovez, Luis Alberto López</subfield>
  </datafield>
  <datafield tag="670" ind1=" " ind2=" ">
    <subfield code="a">Informe y manual de extensión agrícola, 1961:</subfield>
    <subfield code="b">t.p. (Ing. Luis A. López Cordovez)</subfield>
  </datafield>
  <datafield tag="670" ind1=" " ind2=" ">
    <subfield code="a">OCLC database, 4/14/95</subfield>
    <subfield code="b">(hdg.: López Cordovez, Luis Alberto; usage: Luis Alberto López Cordovez, Luis A. López Cordovez, Luis López Cordovez)</subfield>
  </datafield>
</record>